
@misc{_rangevoting.org_????,
	title = {{RangeVoting}.org - Condorcet property desirable?},
	url = {http://rangevoting.org/FishburnAntiC.html},
	urldate = {2014-08-25}
}

@misc{_rangevoting.org_????-1,
	title = {{RangeVoting}.org - 100-voter Condorcet election example},
	url = {http://rangevoting.org/CondCoursera.html},
	urldate = {2014-08-25}
}

@article{young_axiomatization_1974,
	title = {An axiomatization of Borda's rule},
	volume = {9},
	issn = {0022-0531},
	url = {http://www.sciencedirect.com/science/article/pii/0022053174900738},
	doi = {10.1016/0022-0531(74)90073-8},
	number = {1},
	urldate = {2014-08-25},
	journal = {Journal of Economic Theory},
	author = {Young, H. P},
	month = sep,
	year = {1974},
	pages = {43--52}
}

@article{fishburn_paradoxes_1974,
	title = {Paradoxes of Voting},
	volume = {68},
	copyright = {Copyright Â© 1974 American Political Science Association},
	issn = {0003-0554},
	url = {http://www.jstor.org/stable/1959503},
	doi = {10.2307/1959503},
	number = {2},
	urldate = {2014-08-25},
	journal = {The American Political Science Review},
	author = {Fishburn, Peter C.},
	month = jun,
	year = {1974},
	pages = {537--546}
}